<?xml version="1.0" encoding="UTF-8"?><collection xmlns="http://www.loc.gov/MARC21/slim"><record><leader>00447nam--2200169-u-4500</leader><controlfield tag="001">000051278</controlfield><controlfield tag="002">20161230</controlfield><controlfield tag="005">20170126010628</controlfield><controlfield tag="008">080610s1000------------r-----000-0-eng-d</controlfield><datafield ind1=" " ind2=" " tag="040"><subfield code="a">IFIN-HH</subfield></datafield><datafield ind1=" " ind2=" " tag="080"><subfield code="a">515</subfield></datafield><datafield ind1="1" ind2=" " tag="100"><subfield code="a">Ostrovski, A. I</subfield></datafield><datafield ind1="1" ind2="0" tag="245"><subfield code="a">Geometrie descriptiva. Expunere populara. Traducere din limba rusa</subfield></datafield><datafield ind1=" " ind2=" " tag="260"><subfield code="a">Bucuresti</subfield><subfield code="b">Editura Tehnica</subfield><subfield code="c">1954</subfield></datafield><datafield ind1=" " ind2=" " tag="300"><subfield code="a">243 p</subfield></datafield><datafield ind1=" " ind2=" " tag="852"><subfield code="a">3474</subfield><subfield code="c">515/516</subfield></datafield><datafield ind1=" " ind2=" " tag="CAT"><subfield code="a">SYS</subfield><subfield code="c">20170126</subfield><subfield code="h">010628</subfield></datafield></record></collection>